[gd_scene load_steps=38 format=2]

[ext_resource path="res://Assets/Art/Background/lev2/combined.png" type="Texture" id=1]
[ext_resource path="res://7B7CB2F5-FC5E-49D7-8ED0-CB932E61B80C.png" type="Texture" id=2]
[ext_resource path="res://Assets/Player/PlayerScene2.tscn" type="PackedScene" id=3]
[ext_resource path="res://Assets/Art/Background/lev2/foreground.png" type="Texture" id=4]
[ext_resource path="res://city.gd" type="Script" id=5]
[ext_resource path="res://Assets/Sound/Ascent.wav" type="AudioStream" id=6]

[sub_resource type="RectangleShape2D" id=1]
extents = Vector2( 670.803, 10 )

[sub_resource type="RectangleShape2D" id=2]
extents = Vector2( 26.6623, 18.7203 )

[sub_resource type="RectangleShape2D" id=3]
extents = Vector2( 37.7395, 37.1028 )

[sub_resource type="RectangleShape2D" id=4]
extents = Vector2( 74.1176, 191.197 )

[sub_resource type="RectangleShape2D" id=5]
extents = Vector2( 18.2729, 10 )

[sub_resource type="RectangleShape2D" id=6]
extents = Vector2( 33.6236, 14.3361 )

[sub_resource type="RectangleShape2D" id=7]
extents = Vector2( 70.9991, 10 )

[sub_resource type="RectangleShape2D" id=8]
extents = Vector2( 18.18, 656.528 )

[sub_resource type="RectangleShape2D" id=9]
extents = Vector2( 26.4392, 19.1321 )

[sub_resource type="RectangleShape2D" id=10]
extents = Vector2( 10, 98.1019 )

[sub_resource type="RectangleShape2D" id=11]
extents = Vector2( 31.0209, 10 )

[sub_resource type="RectangleShape2D" id=12]
extents = Vector2( 65.7386, 42.5407 )

[sub_resource type="RectangleShape2D" id=13]
extents = Vector2( 52.3902, 21.5316 )

[sub_resource type="RectangleShape2D" id=14]
extents = Vector2( 51.3995, 76.4855 )

[sub_resource type="SegmentShape2D" id=15]
a = Vector2( 44.9977, 5.22452 )
b = Vector2( 1.44989, -36.6858 )

[sub_resource type="RectangleShape2D" id=16]
extents = Vector2( 23.3733, 48.0883 )

[sub_resource type="RectangleShape2D" id=17]
extents = Vector2( 36.8252, 56.7054 )

[sub_resource type="SegmentShape2D" id=18]
a = Vector2( 62.6329, 15.3299 )

[sub_resource type="SegmentShape2D" id=19]
b = Vector2( 53.0861, 49.8341 )

[sub_resource type="RectangleShape2D" id=20]
extents = Vector2( 45.8041, 50.5287 )

[sub_resource type="RectangleShape2D" id=21]
extents = Vector2( 48.5318, 47.0578 )

[sub_resource type="RectangleShape2D" id=22]
extents = Vector2( 62.0264, 29.1405 )

[sub_resource type="RectangleShape2D" id=23]
extents = Vector2( 127.287, 526.233 )

[sub_resource type="RectangleShape2D" id=24]
extents = Vector2( 10, 994.823 )

[sub_resource type="RectangleShape2D" id=25]
extents = Vector2( 111.642, 10 )

[sub_resource type="RectangleShape2D" id=26]
extents = Vector2( 106.472, 10 )

[sub_resource type="RectangleShape2D" id=27]
extents = Vector2( 36.2288, 20.5593 )

[sub_resource type="RectangleShape2D" id=28]
extents = Vector2( 27.4307, 25.4105 )

[sub_resource type="RectangleShape2D" id=29]
extents = Vector2( 61.3708, 42.1517 )

[sub_resource type="RectangleShape2D" id=30]
extents = Vector2( 83.2977, 30.1231 )

[sub_resource type="RectangleShape2D" id=31]
extents = Vector2( 132.747, 10.653 )

[node name="Scene1" type="Node2D"]
script = ExtResource( 5 )
__meta__ = {
"_edit_vertical_guides_": [ -1760.8 ]
}

[node name="ParallaxBackground" type="ParallaxBackground" parent="."]

[node name="layer1" type="ParallaxLayer" parent="ParallaxBackground"]
position = Vector2( -361.927, 0 )
motion_scale = Vector2( 0.4, 0.4 )

[node name="front" type="Sprite" parent="ParallaxBackground/layer1"]
scale = Vector2( 0.246212, 0.246212 )
texture = ExtResource( 1 )

[node name="background" type="Sprite" parent="."]
texture = ExtResource( 2 )

[node name="KinematicBody2D" type="KinematicBody2D" parent="background"]

[node name="CollisionShape2D" type="CollisionShape2D" parent="background/KinematicBody2D"]
position = Vector2( -62.2256, 330.592 )
shape = SubResource( 1 )

[node name="CollisionShape2D2" type="CollisionShape2D" parent="background/KinematicBody2D"]
position = Vector2( -338.86, 308.925 )
shape = SubResource( 2 )
one_way_collision = true

[node name="CollisionShape2D3" type="CollisionShape2D" parent="background/KinematicBody2D"]
position = Vector2( -274.986, 295.293 )
shape = SubResource( 3 )
one_way_collision = true

[node name="CollisionShape2D4" type="CollisionShape2D" parent="background/KinematicBody2D"]
position = Vector2( -168.102, 141.925 )
shape = SubResource( 4 )

[node name="CollisionShape2D5" type="CollisionShape2D" parent="background/KinematicBody2D"]
position = Vector2( -351.73, 232.93 )
shape = SubResource( 5 )
one_way_collision = true

[node name="CollisionShape2D6" type="CollisionShape2D" parent="background/KinematicBody2D"]
position = Vector2( -407.794, 206.9 )
shape = SubResource( 6 )
one_way_collision = true

[node name="CollisionShape2D7" type="CollisionShape2D" parent="background/KinematicBody2D"]
position = Vector2( -491.888, 169.525 )
shape = SubResource( 7 )
one_way_collision = true

[node name="CollisionShape2D8" type="CollisionShape2D" parent="background/KinematicBody2D"]
position = Vector2( -639.232, 93.9651 )
shape = SubResource( 8 )

[node name="CollisionShape2D9" type="CollisionShape2D" parent="background/KinematicBody2D"]
position = Vector2( -580.483, 143.469 )
shape = SubResource( 9 )

[node name="CollisionShape2D10" type="CollisionShape2D" parent="background/KinematicBody2D"]
position = Vector2( -596.918, 62.5602 )
shape = SubResource( 10 )

[node name="CollisionShape2D11" type="CollisionShape2D" parent="background/KinematicBody2D"]
position = Vector2( -486.572, 80.4854 )
shape = SubResource( 11 )
one_way_collision = true

[node name="CollisionShape2D12" type="CollisionShape2D" parent="background/KinematicBody2D"]
position = Vector2( -303.009, 111.459 )
shape = SubResource( 12 )
one_way_collision = true

[node name="CollisionShape2D13" type="CollisionShape2D" parent="background/KinematicBody2D"]
position = Vector2( -248.28, 53.3936 )
shape = SubResource( 13 )
one_way_collision = true

[node name="CollisionShape2D14" type="CollisionShape2D" parent="background/KinematicBody2D"]
position = Vector2( -52.9731, 75.2219 )
shape = SubResource( 14 )

[node name="CollisionShape2D15" type="CollisionShape2D" parent="background/KinematicBody2D"]
position = Vector2( -4.21884, 85.9896 )
shape = SubResource( 15 )

[node name="CollisionShape2D16" type="CollisionShape2D" parent="background/KinematicBody2D"]
position = Vector2( 17.6051, 137.47 )
shape = SubResource( 16 )

[node name="CollisionShape2D17" type="CollisionShape2D" parent="background/KinematicBody2D"]
position = Vector2( 70.9248, 195.827 )
shape = SubResource( 17 )

[node name="CollisionShape2D18" type="CollisionShape2D" parent="background/KinematicBody2D"]
position = Vector2( 108.289, 137.655 )
shape = SubResource( 18 )

[node name="CollisionShape2D19" type="CollisionShape2D" parent="background/KinematicBody2D"]
position = Vector2( 170.289, 152.916 )
shape = SubResource( 19 )

[node name="CollisionShape2D20" type="CollisionShape2D" parent="background/KinematicBody2D"]
position = Vector2( 174.499, 253.244 )
shape = SubResource( 20 )

[node name="CollisionShape2D21" type="CollisionShape2D" parent="background/KinematicBody2D"]
position = Vector2( 222.43, 299.493 )
shape = SubResource( 21 )

[node name="CollisionShape2D22" type="CollisionShape2D" parent="background/KinematicBody2D"]
position = Vector2( 317.933, 314.488 )
shape = SubResource( 22 )

[node name="CollisionShape2D23" type="CollisionShape2D" parent="background/KinematicBody2D"]
position = Vector2( 488.764, 265.193 )
shape = SubResource( 23 )

[node name="CollisionShape2D24" type="CollisionShape2D" parent="background/KinematicBody2D"]
position = Vector2( 619.433, 379.863 )
shape = SubResource( 24 )

[node name="CollisionShape2D25" type="CollisionShape2D" parent="background/KinematicBody2D"]
position = Vector2( 104.966, -58.267 )
shape = SubResource( 25 )
one_way_collision = true

[node name="CollisionShape2D26" type="CollisionShape2D" parent="background/KinematicBody2D"]
position = Vector2( 111.651, -153.977 )
shape = SubResource( 26 )
one_way_collision = true

[node name="CollisionShape2D27" type="CollisionShape2D" parent="background/KinematicBody2D"]
position = Vector2( 302.354, -109.479 )
shape = SubResource( 27 )
one_way_collision = true

[node name="CollisionShape2D28" type="CollisionShape2D" parent="background/KinematicBody2D"]
position = Vector2( -51.1807, -212.429 )
shape = SubResource( 28 )
one_way_collision = true

[node name="CollisionShape2D29" type="CollisionShape2D" parent="background/KinematicBody2D"]
position = Vector2( -174.871, -274.598 )
shape = SubResource( 29 )
one_way_collision = true

[node name="CollisionShape2D30" type="CollisionShape2D" parent="background/KinematicBody2D"]
position = Vector2( 108.106, -350.419 )
shape = SubResource( 30 )
one_way_collision = true

[node name="CollisionShape2D31" type="CollisionShape2D" parent="background/KinematicBody2D"]
position = Vector2( 397.242, -415.904 )
shape = SubResource( 31 )
one_way_collision = true

[node name="Player" parent="." instance=ExtResource( 3 )]
position = Vector2( -594.426, 289.447 )
scale = Vector2( 0.7, 0.7 )
run_speed = 200
jump_speed = -500

[node name="AudioStreamPlayer2D" type="AudioStreamPlayer2D" parent="Player"]
position = Vector2( 4.31537, -23.1612 )
scale = Vector2( 1.42857, 1.42857 )
stream = ExtResource( 6 )
volume_db = 18.0
autoplay = true

[node name="foreground" type="Sprite" parent="."]
texture = ExtResource( 4 )
