[gd_scene load_steps=15 format=2]

[ext_resource path="res://Assets/Player/PlayerBasic.gd" type="Script" id=1]
[ext_resource path="res://Assets/Player/runAnimation/9B5C7E11-EE33-406D-8D7B-22BE7BABB174.png" type="Texture" id=2]
[ext_resource path="res://Assets/Player/runAnimation/1D175BC5-D6CE-4D02-8D49-F138E8A3D8BB.png" type="Texture" id=3]
[ext_resource path="res://Assets/Player/runAnimation/5B08EBE0-A311-49BD-AAA8-D1521BC457D6.png" type="Texture" id=4]
[ext_resource path="res://Assets/Player/runAnimation/06E8FF2C-7A60-4E10-8A35-3B9EA4A14D87.png" type="Texture" id=5]
[ext_resource path="res://Assets/Player/runAnimation/C29ED722-A687-4856-A987-6782BD8EACB5.png" type="Texture" id=6]
[ext_resource path="res://Assets/Player/runAnimation/D1AD5C6D-75D5-4D5A-9444-60862B3CE708.png" type="Texture" id=7]
[ext_resource path="res://Assets/Player/runAnimation/9961B7AB-9C9D-459E-B53F-00C567A1B4C9.png" type="Texture" id=8]
[ext_resource path="res://Assets/Player/runAnimation/1502B5F4-C62F-4BA6-B797-1B60D011A6F2.png" type="Texture" id=9]
[ext_resource path="res://Assets/Player/jumpAnimation/D33638F9-E9C2-4C5E-8C0A-19FFD118F1FB.png" type="Texture" id=10]
[ext_resource path="res://Assets/Player/jumpAnimation/896B685B-5C9A-4EDF-8D0C-A198BE2932D0.png" type="Texture" id=11]
[ext_resource path="res://Assets/Player/jumpAnimation/583AE2E2-825D-4BB5-A809-70E25F2B39CE.png" type="Texture" id=12]

[sub_resource type="RectangleShape2D" id=1]
extents = Vector2( 7.94195, 43.3988 )

[sub_resource type="SpriteFrames" id=2]
animations = [ {
"frames": [ ExtResource( 11 ) ],
"loop": false,
"name": "idle",
"speed": 5.0
}, {
"frames": [ ExtResource( 10 ) ],
"loop": false,
"name": "jumpup",
"speed": 3.37
}, {
"frames": [ ExtResource( 3 ), ExtResource( 4 ), ExtResource( 5 ), ExtResource( 2 ), ExtResource( 9 ), ExtResource( 8 ), ExtResource( 6 ), ExtResource( 7 ) ],
"loop": true,
"name": "run",
"speed": 5.0
}, {
"frames": [ ExtResource( 12 ) ],
"loop": false,
"name": "inair",
"speed": 5.0
} ]

[node name="Player" type="KinematicBody2D"]
position = Vector2( -2.20111, -2.52287 )
scale = Vector2( 1.16854, 1.16854 )
script = ExtResource( 1 )
__meta__ = {
"_edit_group_": true
}
run_speed = 300
jump_speed = -650

[node name="Camera2D" type="Camera2D" parent="."]
position = Vector2( -5, 0 )
offset = Vector2( 0, -150 )
current = true
process_mode = 0
limit_left = -1600
limit_right = 3443
limit_bottom = 748
smoothing_speed = 10.0
drag_margin_left = 0.1
drag_margin_top = 0.1
drag_margin_right = 0.1
drag_margin_bottom = 0.1
editor_draw_limits = true
editor_draw_drag_margin = true

[node name="CollisionShape2D" type="CollisionShape2D" parent="."]
position = Vector2( 2.3962, 10.1231 )
shape = SubResource( 1 )

[node name="AnimatedSprite" type="AnimatedSprite" parent="."]
position = Vector2( -64.4385, 9.10693 )
scale = Vector2( 0.317, 0.317 )
frames = SubResource( 2 )
animation = "inair"
playing = true
offset = Vector2( 215, 0 )
